@misc{N3not,
key = {Notation 3 (N3): A readable RDF syntax},
title={Notation 3 (N3): A readable {RDF} syntax},
howpublished={Website},
note = "\url{http://www.w3.org/TeamSubmission/n3/}"
}

@misc{eurlorprf,
title = {Euler Proof Mechanism},
HOWPUBLISHED = {Website},
note = "\url{http://eulersharp.sourceforge.net/}"
}

@misc{rdfsite,
title={Resource Description Framework (RDF)},
HOWPUBLISHED = {Website},
note = "\url{http://www.w3.org/RDF/}"
}

@misc{notation3,
title = {Notation 3 -- Ideas about Web architecture},
howpublished = {Website},
note="\url{http://www.w3.org/DesignIssues/Notation3.html}"
}

@article{coiera2004consent,
  title={{e-Consent: The design and implementation of consumer consent mechanisms in an electronic environment}},
  author={Coiera, E. and Clarke, R.},
  journal={Journal of the American Medical Informatics Association},
  volume={11},
  number={2},
  pages={129},
  year={2004},
  publisher={BMJ Publishing Group Ltd}
}

@article{kluge2004informed,
  title={{Informed consent and the security of the electronic health record (EHR): some policy considerations}},
  author={Kluge, E.H.W.},
  journal={International Journal of Medical Informatics},
  volume={73},
  number={3},
  pages={229--234},
  year={2004},
  publisher={Elsevier}
}

@article{pruski2010,
author = {Cedric Pruski},
title = {e-CRL: A Rule-Based Language for Expressing Patient Electronic Consent},
journal={eHealth, Telemedicine, and Social Medicine, International Conference on},
volume = {0},
isbn = {978-0-7695-3950-8},
year = {2010},
pages = {141-146},
doi = {http://doi.ieeecomputersociety.org/10.1109/eTELEMED.2010.27},
publisher = {IEEE Computer Society},
address = {Los Alamitos, CA, USA}
}

@article{okeefe2002implementation,
  title={{Implementation of electronic consent mechanisms}},
  author={OKeefe, C. and Goodchild, A. and Greenfield, P. and Waugh, A. and Cheung, E. and Austin, D.},
  journal={Final Analysis Paper},
  year={2002},
  publisher={Citeseer}
}

@article{berners-lee2008,
 author = {Berners-lee, Tim and Connolly, Dan and Kagal, Lalana and Scharf, Yosi and Hendler, Jim},
 title = {N3logic: A logical framework for the world wide web},
 journal = {Theory Pract. Log. Program.},
 volume = {8},
 number = {3},
 year = {2008},
 issn = {1471-0684},
 pages = {249--269},
 doi = {http://dx.doi.org/10.1017/S1471068407003213},
 publisher = {Cambridge University Press},
 address = {New York, NY, USA},
 }


@MastersThesis{naudts2003inference,
 author = {Guido Naudts},
 title = {An inference engine for RDF},
 school = {Open University of the Netherlands},
 year = {2003}
}

@inproceedings{reid2003,
 author = {Reid, Jason and Cheong, Ian and Henricksen, Matthew and Smith, Jason},
 title = {A novel use of RBAC to protect privacy in distributed health care information systems},
 booktitle = {ACISP'03: Proceedings of the 8th Australasian conference on Information security and privacy},
 year = {2003},
 isbn = {3-540-40515-1},
 pages = {403--415},
 location = {Wollongong, Australia},
 publisher = {Springer-Verlag},
 address = {Berlin, Heidelberg},
 }

@conference{chen2009identity,
  title={{Identity management to support access control in e-health systems}},
  author={Chen, X. and Berry, D. and Grimson, W.},
  booktitle={4th European Conference of the International Federation for Medical and Biological Engineering},
  pages={880--886},
  year={2009},
  organization={Springer}
}

@article{blobel2004authorisation,
  title={{Authorisation and access control for electronic health record systems}},
  author={Blobel, B.},
  journal={International Journal of Medical Informatics},
  volume={73},
  number={3},
  pages={251--257},
  year={2004},
  publisher={Elsevier}
}

@article{song2002patient,
  title={{Patient e-consent mechanism: Models and technologies}},
  author={Song, H. and Win, TK and Croll, P.},
  journal={Proceedings of CollECTeR, Melbourne, Australia},
  year={2002}
}

@article{win2002implementing,
  title={{Implementing patientâ€™s consent in electronic health record systems}},
  author={Win, K. and Song, H. and Croll, P. and Cooper, J.},
  journal={Proceedings of CollECTeR, Melbourne, Australia},
  year={2002}
}






