@misc{N3not,
key = {Notation 3 (N3): A readable RDF syntax},
title={Notation 3 (N3): A readable {RDF} syntax},
howpublished={Website},
note = "\url{http://www.w3.org/TeamSubmission/n3/}"
}

@misc{eurlorprf,
title = {Euler Proof Mechanism},
HOWPUBLISHED = {Website},
note = "\url{http://eulersharp.sourceforge.net/}"
}

@article{coiera2004consent,
  title={{e-Consent: The design and implementation of consumer consent mechanisms in an electronic environment}},
  author={Coiera, E. and Clarke, R.},
  journal={Journal of the American Medical Informatics Association},
  volume={11},
  number={2},
  pages={129},
  year={2004},
  publisher={BMJ Publishing Group Ltd}
}

@article{kluge2004informed,
  title={{Informed consent and the security of the electronic health record (EHR): some policy considerations}},
  author={Kluge, E.H.W.},
  journal={International Journal of Medical Informatics},
  volume={73},
  number={3},
  pages={229--234},
  year={2004},
  publisher={Elsevier}
}


